@Book{xie2015,
  title = {Dynamic Documents with {R} and knitr},
  author = {Yihui Xie},
  publisher = {Chapman and Hall/CRC},
  address = {Boca Raton, Florida},
  year = {2015},
  edition = {2nd},
  note = {ISBN 978-1498716963},
  url = {http://yihui.name/knitr/},
}
@article{ihaka1996r,
  title={R: a language for data analysis and graphics},
  author={Ihaka, Ross and Gentleman, Robert},
  journal={Journal of computational and graphical statistics},
  volume={5},
  number={3},
  pages={299--314},
  year={1996},
  publisher={Taylor \& Francis Group}
}
@Manual{Infostat,
   title = {InfoStat}, 
   author = {Di Rienzo, JA and Casanoves, F and Balzarini, MG and Gonzalez, L and Tablada, M and Robledo, CW},
   publisher = {Universidad Nacional de CÃ³rdoba},
   year = {2018},
   url = {http://www.infostat.com.ar/}
}
@Manual{Rstudio,
    title = {RStudio: Integrated Development Environment for R},
    author = {{RStudio Team}},
    organization = {RStudio, Inc.},
    address = {Boston, MA},
    year = {2016},
    url = {http://www.rstudio.com/},
  }